@book{billingsley1995probability,
	author    = {Billingsley, P.},
	title     = {Probability and Measure},
	edition   = {3rd},
	year      = {1995},
	publisher = {Wiley},
	series    = {Wiley Series in Probability and Statistics}
}

@book{boucheron2013concentration,
	author    = {Boucheron, S. and Lugosi, G. and Massart, P.},
	title     = {Concentration Inequalities: A Nonasymptotic Theory of Independence},
	year      = {2013},
	publisher = {Oxford University Press}
}

@book{cover2006elements,
	author    = {Cover, T. M. and Thomas, J. A.},
	title     = {Elements of Information Theory},
	edition   = {2nd},
	year      = {2006},
	publisher = {Wiley-Interscience}
}

@book{csiszar2011information,
	author    = {Csisz{\'a}r, I. and K{\"o}rner, J.},
	title     = {Information Theory: Coding Theorems for Discrete Memoryless Systems},
	edition   = {2nd},
	year      = {2011},
	publisher = {Cambridge University Press}
}

@book{david2003order,
	author    = {David, H. A. and Nagaraja, H. N.},
	title     = {Order Statistics},
	edition   = {3rd},
	year      = {2003},
	publisher = {Wiley},
	series    = {Wiley Series in Probability and Statistics}
}

@book{douc2018markov,
	author    = {Douc, R. and Moulines, E. and Priouret, P. and Soulier, P.},
	title     = {Markov Chains},
	year      = {2018},
	publisher = {Springer},
	series    = {Springer Series in Operations Research and Financial Engineering}
}

@book{hardy1979introduction,
	author    = {Hardy, G. H. and Wright, E. M.},
	title     = {An Introduction to the Theory of Numbers},
	edition   = {5th},
	year      = {1979},
	publisher = {Oxford University Press}
}

@book{johnson1994continuous,
	author    = {Johnson, N. L. and Kotz, S. and Balakrishnan, N.},
	title     = {Continuous Univariate Distributions, Volume 1},
	edition   = {2nd},
	year      = {1994},
	publisher = {Wiley},
	series    = {Wiley Series in Probability and Statistics}
}

@book{karatzas1991brownian,
	author    = {Karatzas, I. and Shreve, S. E.},
	title     = {Brownian Motion and Stochastic Calculus},
	edition   = {2nd},
	year      = {1991},
	publisher = {Springer},
	series    = {Graduate Texts in Mathematics, Vol. 113}
}

@book{kellerer2004knapsack,
	author    = {Kellerer, H. and Pferschy, U. and Pisinger, D.},
	title     = {Knapsack Problems},
	year      = {2004},
	publisher = {Springer}
}

@article{kullback1951information,
	author    = {Kullback, S. and Leibler, R. A.},
	title     = {On information and sufficiency},
	journal   = {The Annals of Mathematical Statistics},
	volume    = {22},
	number    = {1},
	pages     = {79--86},
	year      = {1951}
}

@book{larranaga2002estimation,
	editor    = {Larra{\~n}aga, P. and Lozano, J. A.},
	title     = {Estimation of Distribution Algorithms: A New Tool for Evolutionary Computation},
	year      = {2002},
	publisher = {Kluwer Academic Publishers}
}

@book{levin2017markov,
	author    = {Levin, D. A. and Peres, Y.},
	title     = {Markov Chains and Mixing Times},
	edition   = {2nd},
	year      = {2017},
	publisher = {American Mathematical Society}
}

@book{lindvall2002lectures,
	author    = {Lindvall, T.},
	title     = {Lectures on the Coupling Method},
	year      = {2002},
	publisher = {Dover Publications}
}

@book{meyn2009markov,
	author    = {Meyn, S. and Tweedie, R. L.},
	title     = {Markov Chains and Stochastic Stability},
	edition   = {2nd},
	year      = {2009},
	publisher = {Cambridge University Press}
}

@inproceedings{muhlenbein1996recombination,
	author    = {M{\"u}hlenbein, H. and Paa{\ss}, G.},
	title     = {From recombination of genes to the estimation of distributions I. Binary parameters},
	booktitle = {Proceedings of Parallel Problem Solving from Nature (PPSN IV)},
	pages     = {178--187},
	year      = {1996},
	publisher = {Springer}
}

@article{muhlenbein1999from,
	author    = {M{\"u}hlenbein, H. and Mahnig, T.},
	title     = {FDA: A scalable evolutionary algorithm for the optimization of additively decomposed functions},
	journal   = {Evolutionary Computation},
	volume    = {7},
	number    = {4},
	pages     = {353--376},
	year      = {1999}
}

@article{pisinger2005hard,
	author    = {Pisinger, D.},
	title     = {Where are the hard knapsack problems?},
	journal   = {Computers \& Operations Research},
	volume    = {32},
	number    = {9},
	pages     = {2271--2284},
	year      = {2005}
}

@incollection{shapiro2003analysis,
	author    = {Shapiro, A.},
	title     = {Monte Carlo sampling methods},
	booktitle = {Handbooks in Operations Research and Management Science},
	volume    = {10},
	pages     = {353--425},
	year      = {2003}
}

@book{williams1991probability,
	author    = {Williams, D.},
	title     = {Probability with Martingales},
	year      = {1991},
	publisher = {Cambridge University Press},
	series    = {Cambridge Mathematical Textbooks}
}

@article{zhang2004convergence,
	author    = {Zhang, Q. and M{\"u}hlenbein, H.},
	title     = {On the convergence of a class of estimation of distribution algorithms},
	journal   = {IEEE Transactions on Evolutionary Computation},
	volume    = {8},
	number    = {2},
	pages     = {127--136},
	year      = {2004}
}
% NOUVELLES RÉFÉRENCES À AJOUTER

@book{back1997handbook,
	title={Handbook of Evolutionary Computation},
	author={B{\"a}ck, Thomas and Fogel, David B and Michalewicz, Zbigniew},
	year={1997},
	publisher={IOP Publishing}
}

@book{rechenberg1973evolutionsstrategie,
	title={Evolutionsstrategie: Optimierung technischer Systeme nach Prinzipien der biologischen Evolution},
	author={Rechenberg, Ingo},
	year={1973},
	publisher={Frommann-Holzboog Stuttgart}
}

@book{holland1975adaptation,
	title={Adaptation in Natural and Artificial Systems},
	author={Holland, John H},
	year={1975},
	publisher={University of Michigan Press}
}

@book{fogel1966artificial,
	title={Artificial Intelligence through Simulated Evolution},
	author={Fogel, Lawrence J and Owens, Alvin J and Walsh, Michael J},
	year={1966},
	publisher={Wiley}
}

@article{pelikan2002survey,
	title={A survey of optimization by building and using probabilistic models},
	author={Pelikan, Martin and Goldberg, David E and Lobo, Fernando G},
	journal={Computational Optimization and Applications},
	volume={21},
	number={1},
	pages={5--20},
	year={2002}
}

@article{muhlenbein1992gene,
	title={The parallel genetic algorithm as function optimizer},
	author={M{\"u}hlenbein, Heinz},
	journal={Parallel Computing},
	volume={17},
	number={6-7},
	pages={619--632},
	year={1991}
}

@inproceedings{baluja1994population,
	title={Population-based incremental learning: A method for integrating genetic search based function optimization and competitive learning},
	author={Baluja, Shumeet},
	booktitle={Technical Report CMU-CS-94-163, Carnegie Mellon University},
	year={1994}
}

@inproceedings{debonet1997mimic,
	title={MIMIC: Finding optima by estimating probability densities},
	author={De Bonet, Jeremy S and Isbell Jr, Charles L and Viola, Paul},
	booktitle={Advances in Neural Information Processing Systems},
	pages={424--430},
	year={1997}
}

@inproceedings{baluja1997using,
	title={Using optimal dependency-trees for combinatorial optimization},
	author={Baluja, Shumeet and Davies, Scott},
	booktitle={ICML},
	volume={97},
	pages={30--38},
	year={1997}
}

@inproceedings{pelikan1999boa,
	title={BOA: The Bayesian optimization algorithm},
	author={Pelikan, Martin and Goldberg, David E and Cant{\'u}-Paz, Erick},
	booktitle={Proceedings of the Genetic and Evolutionary Computation Conference},
	volume={1},
	pages={525--532},
	year={1999}
}

@inproceedings{pelikan2001escaping,
	title={Escaping hierarchical traps with competent genetic algorithms},
	author={Pelikan, Martin and Goldberg, David E},
	booktitle={Proceedings of the Genetic and Evolutionary Computation Conference},
	pages={511--518},
	year={2001}
}

@article{gonzalez2002convergence,
	title={The convergence behavior of the UMDA},
	author={Gonz{\'a}lez, C and Lozano, JA and Larra{\~n}aga, P},
	journal={Estimation of Distribution Algorithms},
	pages={133--148},
	year={2002}
}

@inproceedings{droste2006analysis,
	title={A rigorous analysis of the compact genetic algorithm},
	author={Droste, Stefan},
	booktitle={Genetic and Evolutionary Computation Conference},
	pages={347--354},
	year={2002}
}

@inproceedings{lehre2019runtime,
	title={Runtime analysis of the univariate marginal distribution algorithm under fitness functions with known optima},
	author={Lehre, Per Kristian and Nguyen, Phan Trung Hai},
	booktitle={Proceedings of the Genetic and Evolutionary Computation Conference},
	pages={1365--1373},
	year={2019}
}

@article{witt2019runtime,
	title={Runtime analysis of the (μ+ 1) EA on simple pseudo-Boolean functions},
	author={Witt, Carsten},
	journal={Evolutionary Computation},
	volume={14},
	number={1},
	pages={65--86},
	year={2006}
}

@article{krejca2020lower,
	title={Lower bounds on the run time of the univariate marginal distribution algorithm on OneMax},
	author={Krejca, Martin S and Witt, Carsten},
	journal={Theoretical Computer Science},
	volume={832},
	pages={143--165},
	year={2020}
}

@book{dantzig1957discrete,
	title={Discrete-variable extremum problems},
	author={Dantzig, George B},
	journal={Operations Research},
	volume={5},
	number={2},
	pages={266--288},
	year={1957}
}

@incollection{karp1972reducibility,
	title={Reducibility among combinatorial problems},
	author={Karp, Richard M},
	booktitle={Complexity of Computer Computations},
	pages={85--103},
	year={1972},
	publisher={Springer}
}

@article{chekuri2000polynomial,
	title={A polynomial time approximation scheme for the multiple knapsack problem},
	author={Chekuri, Chandra and Khanna, Sanjeev},
	journal={SIAM Journal on Computing},
	volume={35},
	number={3},
	pages={713--728},
	year={2005}
}

@book{martello1990knapsack,
	title={Knapsack problems: algorithms and computer implementations},
	author={Martello, Silvano and Toth, Paolo},
	year={1990},
	publisher={John Wiley \& Sons}
}

@article{martello1981dynamic,
	title={A bound and bound algorithm for the zero-one multiple knapsack problem},
	author={Martello, Silvano and Toth, Paolo},
	journal={Discrete Applied Mathematics},
	volume={3},
	number={4},
	pages={275--288},
	year={1981}
}

@article{caprara2000polynomial,
	title={A PTAS for the multiple subset sum problem with different knapsack capacities},
	author={Caprara, Alberto and Kellerer, Hans and Pferschy, Ulrich},
	journal={Information Processing Letters},
	volume={73},
	number={3-4},
	pages={111--118},
	year={2000}
}

@article{johnson1974worst,
	title={Worst-case performance bounds for simple one-dimensional packing algorithms},
	author={Johnson, David S},
	journal={SIAM Journal on Computing},
	volume={3},
	number={4},
	pages={299--325},
	year={1974}
}

@article{chu1998genetic,
	title={A genetic algorithm for the multidimensional knapsack problem},
	author={Chu, Paul C and Beasley, John E},
	journal={Journal of Heuristics},
	volume={4},
	number={1},
	pages={63--86},
	year={1998}
}

@article{kirkpatrick1983optimization,
	title={Optimization by simulated annealing},
	author={Kirkpatrick, Scott and Gelatt, C Daniel and Vecchi, Mario P},
	journal={Science},
	volume={220},
	number={4598},
	pages={671--680},
	year={1983}
}

@article{glover1996critical,
	title={Critical event tabu search for multidimensional knapsack problems},
	author={Glover, Fred and Kochenberger, Gary A},
	journal={Meta-heuristics: Advances and trends in local search paradigms for optimization},
	pages={407--427},
	year={1999}
}

@inproceedings{shakya2006markov,
	title={Markov network based optimization algorithms},
	author={Shakya, Siddhartha and McCall, John and Brown, David F},
	booktitle={Proceedings of the Genetic and Evolutionary Computation Conference},
	pages={633--640},
	year={2006}
}

@inproceedings{zhang2008eda,
	title={An estimation of distribution algorithm for 0-1 knapsack problem},
	author={Zhang, Qingfu},
	booktitle={Evolutionary Computation in Combinatorial Optimization},
	pages={168--177},
	year={2008},
	publisher={Springer}
}

@article{pelikan2003hierarchical,
	title={Hierarchical problem solving and the Bayesian optimization algorithm},
	author={Pelikan, Martin and Goldberg, David E},
	journal={Genetic and Evolutionary Computation Conference},
	pages={267--274},
	year={2000}
}%=============================================================================
% RÉFÉRENCES MANQUANTES IDENTIFIÉES
%=============================================================================

@book{david2003order,
  title     = {Order Statistics},
  author    = {David, H. A. and Nagaraja, H. N.},
  edition   = {3rd},
  year      = {2003},
  publisher = {Wiley-Interscience},
  address   = {Hoboken, NJ},
  isbn      = {978-0-471-38926-2},
  doi       = {10.1002/0471722162}
}

@book{boucheron2013concentration,
  title     = {Concentration Inequalities: A Nonasymptotic Theory of Independence},
  author    = {Boucheron, St{\'e}phane and Lugosi, G{\'a}bor and Massart, Pascal},
  year      = {2013},
  publisher = {Oxford University Press},
  address   = {Oxford, UK},
  isbn      = {978-0-19-953525-5},
  doi       = {10.1093/acprof:oso/9780199535255.001.0001}
}

@article{muhlenbein1999from,
  title     = {From Recombination of Genes to the Estimation of Distributions {I}. {B}inary Parameters},
  author    = {M{\"u}hlenbein, Heinz and Mahnig, Thilo},
  journal   = {Lecture Notes in Computer Science},
  volume    = {1611},
  pages     = {178--187},
  year      = {1999},
  publisher = {Springer},
  doi       = {10.1007/3-540-48885-5_13}
}